
@misc{strang_randomized_matrix_multiplication,
  author       = {Gilbert Strang},
  title        = {Lecture 13: Randomized Matrix Multiplication},
  year         = {2006},
  howpublished = {Video lecture, MIT OpenCourseWare},
  note         = {\url{https://youtu.be/z0ykhV15wLw?si=JL-NCO1kRZ7JU9Cc}},
  url          = {https://youtu.be/z0ykhV15wLw?si=JL-NCO1kRZ7JU9Cc},
  urldate      = {2025-07-07}
}
